@book{AdamekRosickyLocPresAccessCats,
  author = "Ji{\v{r}}{\'i} Ad{\'a}mek and Ji{\v{r}}{\'i} Rosicky",
  title = "Locally presentable and accessible categories",
  publisher = "Cambridge {U}niversity {P}ress",
  year = 1994,
  volume = 189,
  series = "L{M}{S} {L}ecture {N}ote {S}eries"
}

@misc{AndoBlumbergGepnerHopkinsRezk,
  author = "Matthew Ando and Andrew J Blumberg and David J Gepner and Michael J Hopkins and Charles Rezk",
  title = "Units of ring spectra and {T}hom spectra",
  note = {\url{http://arxiv.org/abs/0810.4535}}
}

@misc{ArtinDeligneGrothendieckSaintDonatVerdierSGA4Tome3,
  author = "Michael Artin and Pierre Deligne and Alexander Grothendieck and B Saint-Donat and Jean-Louis Verdier",
  title = "Th{\'e}orie des topos et cohomologie {\'e}tale des sch{\'e}mas ({S}{G}{A} 4 {T}ome 3)",
  note = {\url{http://www.msri.org/communications/books/sga/djvu/SGA 4-3.tif.djvu}}
}

@misc{AusoniRognesChromaticRedShift,
  author = "Christian Ausoni and John Rognes",
  title = "The chromatic red-shift in algebraic {K}-theory",
  note = {\url{http://www.math.uni-bonn.de/~ausoni/papers/gmconj-AR.pdf}}
}

@misc{AyoubLesSixOperationsCycEvanMondeMotivique,
  author = "Joseph Ayoub",
  title = "Les six op{\'e}rations de {G}rothendieck et le formalisme des cycles {\'e}vanescents dans le monde motivique",
  note = {\url{http://user.math.uzh.ch/ayoub/PDF-Files/THESE.PDF}}
}

@misc{BarwickExtendedResearchStatement,
  author = "Clark Barwick",
  title = "Extended research statement",
  note = {\url{http://www.math.ias.edu/~clarkbar/docs/research200711.pdf}}
}

@inproceedings{BeilinsonDerivedCategoryPerverseSheaves,
  author = "Alexander Beilinson",
  title = "On the derived category of perverse sheaves",
  booktitle = "K-theory, arithmetic, and geometry",
  series = "Lecture notes in math.",
  volume = 1289,
  year = 1987,
  pages = {27-41}
}

@article{BeilinsonBernsteinDeligneFaisceauxPervers,
  author = "Alexander Beilinson and Joseph Bernstein and Pierre Deligne",
  title = "Faisceaux pervers",
  journal = "Ast{\'e}risque",
  volume = 100,
  year = 1982
}

@misc{BeilinsonGinzburgSoergelKoszulDualityPatternsRepresentationTheory,
  author = "Alexander Beilinson and Victor Ginzburg and Wolfgang Soergel",
  title = "Koszul duality patterns in representation theory",
  note = {\url{http://www.ams.org/journals/jams/1996-9-02/S0894-0347-96-00192-0/S0894-0347-96-00192-0.pdf}}
}

@misc{BergnerSurveyInfty1Cats,
  author = "Julia E Bergner",
  title = "A survey of $(\infty,1)$-categories",
  note = {\url{http://arxiv.org/abs/math/0610239}}
}

@misc{BondalOrlovDerivedCatsCohSheaves,
  author = "Alexei Bondal and Dmitri Orlov",
  title = "Derived categories of coherent sheaves",
  note= {\url{http://arxiv.org/abs/math/0206295}}
}

@misc{BondarkoWeightStrucsComotsConivChowSurvey,
  author = "Mikhail Bondarko",
  title = "Weight structures and motives; comotives, coniveau and {C}how-weight spectral sequences: a survey",
  note = {\url{http://arxiv.org/abs/0903.0091}}
}

@misc{BondarkoDiffGradMotivesWeightVoevVsHanu,
  author = "Mikhail V Bondarko",
  title = "Differential graded motives: weight complexes, weight filtrations and spectral sequences for realizations; {V}oevodsky vs. {H}anamura",
  note = {\url{http://arxiv.org/abs/math/0601713}}
}

@misc{BorgerLambdaRingsFieldOneElement,
  author = "James Borger",
  title = "$\lambda$-rings and $\mathbb{F}_{1}$",
  note = {\url{http://arxiv.org/abs/0906.3146}}
}

@misc{BourbakiUnivers,
  author = "Nicolas Bourbaki",
  title = "Univers",
  note = "{\S}11 ({A}ppendice), {E}xpos{\'e} {I}, {T}ome {I}, {SGA} {IV}. {\url{http://www.msri.org/communications/books/sga/djvu/SGA 4-1.tif.djvu}}"
}


@misc{CegarraHerediaRamediosDoubleGroupoidsHomotopy2Types,
  author = "Antonio M Cegarra and Benjam{\'i}n A Heredia and Josu{'e} Remedios",
  title = "Double groupoids and homotopy 2-types",
  note = {\url{http://arxiv.org/abs/1003.3820}}
}

@misc{ChuangRouquierDerivedEquivalencesSymmetricGroupsCategorification,
  author = "Joseph Chuang and Rapha{\"e}l Rouquier",
  title = "Derived equivalences of symmetric groups and $\mathfrak{sl}_{2}$-categorification",
  note = {\url{http://arxiv.org/abs/math/0407205}}
}

@misc{CisinkiCatDeriv,
  author = "Denis-Charles Cisinski",
  title = "Cat{\'e}gories d{\'e}rivables",
  note = {\url{http://www.math.univ-paris13.fr/~cisinski/kthwt.pdf}}
}

@misc{CisinskiFaisceauxLocAsph,
  author = "Denis-Charles Cisinski",
  title = "Faisceaux localement asph{\'e}riques",
  note = {\url{http://www-math.univ-paris13.fr/~cisinski/mtest2.dvi}}
}

@misc{CisinskiImagesDirectesCohom,
  author = "Denis-Charles Cisinski",
  title = "Images directes cohomologiques dans les cat{\'e}gories de mod{\`e}les",
  note = {\url{http://www-math.univ-paris13.fr/~cisinski/AMBP_2003__10_2_195_0.pdf}}
}

@misc{CisinskiLocalisateurFondamentalMin,
  author = "Denis-Charles Cisinski",
  title = "Le localisateur fondamental minimal",
  note = {\url{http://www-math.univ-paris13.fr/~cisinski/winfax.pdf}}
}

@misc{CisinskiPrefaiscModelesTypesHomotopies,
  author = "Denis-Charles Cisinski",
  title = "Les pr{\'e}faisceaux comme mod{\`e}les des types d'homotopie",
  note = {\url{http://www-math.univ-paris13.fr/~cisinski/ast.pdf}}
}

@misc{CisinskiPrefaiscModelesTypesHomotopies2,
  author = "Denis-Charles Cisinski",
  title = "Les pr{\'e}faisceaux comme mod{\`e}les des types d'homotopie",
  note = {\url{http://www-math.univ-paris13.fr/~cisinski/ast.pdf}}
}

@article{CisinskiPropUnivExtKanDer,
  author = "Denis-Charles Cisinski",
  title = "Propri\'{e}t\'{e}s Universelles et Extensions de {K}an D\'{e}riv\'{e}es",
  journal = "Theory and Applications of Categories",
  volume = 20,
  number = 17,
  year = 2008,
  pages = {605-649},
  note = {\url{http://www.math.univ-paris13.fr/~cisinski/puhot.pdf}}
}

@misc{CisinskiDegliseTriangCatMotives,
  author = "Denis-Charles Cisinski and Fr{\'e}d{\'e}ric D{\'e}glise",
  title = "Triangulated categories of motives",
  note = {\url{http://www.math.univ-paris13.fr/~cisinski/baseqc.pdf}}
}

@misc{CisinskiTabuadaSymMonoidalNonCommutativeMotives,
  author = "Denis-Charles Cisinski and Gon{\c{c}}arlo Tabuada",
  title = "Symmetric monoidal structure on non-commutative motives",
  note = {\url{http://arxiv.org/abs/1001.0228}}
}

@misc{DeligneCohomologieEtale,
  author = "J F Boutot and Pierre Deligne and Alexander Grothendieck and Luc Illusie and Jean-Louis Verdier",
  title = "Cohomologie {\'e}tale ({S}{G}{A} $4\frac{1}{2}$))",
  note = {\url{http://www.msri.org/publications/books/sga/sga/pdf/sga4h.pdf}}
}

@misc{FiorePaoliPronkModelStructuresDoubleCats,
  author = "Thomas M Fiore and Simon Paoli and Dorette A Pronk",
  title = "Model structures on the category of small double categories",
  note = {\url{http://arxiv.org/abs/0711.0473}}
}

@misc{FiorePaoliThomModelStructureNFoldCats,
  author = "Thomas M Fiore and Simona Paoli",
  title = "A {T}homason model structure on the category of small n-fold categories",
  note = {\url{http://arxiv.org/abs/0808.4108}}
}

@misc{FrenkelKhovanovStroppelCategorificationFiniteDimensionalIrreducibleRepresentationsQuantumSl2TensorProducts,
  author = "Igor Frenkel and Mikhail Khovanov and Catharina Stroppel",
  title = "A categorification of finite dimensional irreducible representations of quantum $\mathfrak{sl}_{2}$ and their tensor products",
  note = {\url{http://arxiv.org/abs/math/0511467}}
}

@misc{GoerssRealiFamLandExactHomTheories,
  author = "Paul Goerss",
  title = "Realizing families of {L}andweber exact homology theories",
  note = {\url{http://www.math.northwestern.edu/~pgoerss/papers/banff.pdf}}
}

@misc{GoreskyLanglandsConjecturesPhysicists,
  author = "Mark Goresky",
  title = "Langlands' conjectures for physicists",
  note ={\url{http://www.math.ias.edu/~goresky/pdf/Physicists.pdf}}
}

@misc{GrothendieckLesDeriv,
  author = "Alexander Grothendieck",
  title = "Les D{\'e}rivateurs",
  note = {\url{http://people.math.jussieu.fr/~maltsin/groth/Derivateurs.html}}
}

@misc{GrothendieckPursStacks,
  author = "Alexander Grothendieck",
  title = "Pursuing Stacks",
  note = {\url{http://www.msri.org/communications/books/sga/djvu/Pursuing Stacks.tif.djvu}}
}

@misc{HessBundleTheoryCats,
  author = "Kathryn Hess",
  title = "Bundle theory for categories",
  note = {\url{http://sma.epfl.ch/~hessbell/seca4.pdf}}
}

@misc{HirschowitzSimpsonDescenteNChamps,
  author = "Andr{\'e} Hirschowitz and Carlos Simpson",
  title = "Descente pour les n-champs",
  note = {\url{http://arxiv.org/abs/math/9807049}}
}

@misc{HollanderHomotopyTheoryStacks,
  author = "Sharon Hollander",
  title = "A homotopy theory for stacks",
  note = {\url{http://www.math.ist.utl.pt/~sjh/thesisarchive.pdf}}
}

@book{JacobsCategoricalLogicTypeTheory,
  author = "Bart Jacobs",
  title = "Categorical logic and type theory",
  publisher = "{N}orth-{H}olland",
  series = "Studies in logic and the foundations of mathematics",
  volume = 141,
  year = 1999
}

@misc{JardineCategoricalHomotopyTheory,
  author = "J F Jardine",
  title = "Categorical homotopy theory",
  note = {\url{http://www.math.uiuc.edu/K-theory/0669/}}
}

@misc{JardineCubicalHomotopyTheory,
  author = "J F Jardine",
  title = "Cubical homotopy theory: a beginning",
  note = {\url{http://www.math.uwo.ca/~jardine/papers/preprints/cubical2.pdf}}
}

@misc{JardineHigherOrderAutomataCubicalSetsConjecturesGrothendieck,
  author = "J F Jardine",
  title = "Higher order automata, cubical sets, and some conjectures of {G}rothendieck",
  note = {\url{http://www.math.uwo.ca/~jardine/ATMCS2/Jardine.pdf}}
}

@misc{JardinePathCategoriesResolutions,
  author = "J F Jardine",
  title = "Path categories and resolutions",
  note = {\url{http://www.math.uwo.ca/~jardine/papers/preprints/pathcat-paper3.pdf}}
}

@book{JohnstoneToposTheory,
  author = "P M Johnstone",
  title = "Topos theory",
  publisher = "Academic Press",
  series = "London {Ma}thematical {S}ociety monographs",
  volume = 10,
  year = 1977
}

@misc{HornbostelMotChromHomThe,
  author = "Jens Hornbostel",
  title = "Motivic chromatic homotopy theory",
  note = {\url{http://www.math.uiuc.edu/K-theory/0642/}}
}

@misc{KahnSujathaBiratMotives,
  author = "Bruno Kahn and R Sujatha",
  title = "Birational motives, {I}",
  note = {\url{http://www.math.uiuc.edu/K-theory/0596/birat11.pdf}}
}

@misc{KapranovRealMixedHodge,
  author = "Mikhail Kapranov",
  title = "Real mixed {H}odge structures",
  note = {\url{http://arxiv.org/abs/0802.0215}}
}

@misc{KashiwaraSchapiraCatsAndSheaves,
  author = "Masaki Kashiwara and Pierre Schapira",
  title = "Categories and sheaves"
}

@misc{KatzarkovPantevToenSchematicHomTypesNonAbHodge,
  author = "L Katzarkov and T Pantev and Bertrand To{\"e}n",
  title = "Schematic homotopy types and non-abelian {H}odge theory",
  note = {\url{http://arxiv.org/abs/math/0107129}}
}

@misc{KashiwaraBasesCristallinesDesGroupesQuantiques,
  author = "Masaki Kashiwara",
  title = "Bases cristallines des groupes quantiques",
  year = 2001
}

@misc{KiehlWeissauerWeilConjecturesPerverseSheaveslAdicFourierTransform,
  author = "R Kiehl and R Weissauer",
  title = "Weil conjectures, perverse sheaves, and l-adic {F}ourier transform",
  year = "2001"
}

@misc{LanglandsAutomorphicRepnsMotivesShimura,
  author = "Robert P Langlands",
  title = "Automorphic representations, motives, and {S}himura varieties. {E}in {M}{\"a}rchen",
  note = {\url{http://publications.ias.edu/rpl_works/L9/maerchen/autoreps-ps.pdf}} 
}

@misc{LarsenLuntsMotivicMeasuresStableBiratGeom,
  author = "Michael Larsen and Valery A Lunts",
  title = "Motivic measures and stable birational geometry",
  note = {\url{http://arxiv.org/abs/math/0110255}}
}

@misc{LaumonTransFourHomog,
  author = "G{'e}rard Laumon",
  title = "Transformation de {F}ourier homog{\`e}ne",
  note = {\url{http://arxiv.org/abs/math/0207129}}
}

@misc{LevineSmoothMotives,
  author = "Marc Levine",
  title = "Smooth motives",
  note = {\url{http://arxiv.org/abs/0807.2265}}
}

@misc{LopezPenaLorscheidMappingF1Land,
  author = "Javier L{\'o}pez Pe{\~n}a and Oliver Lorscheid",
  title = "Mapping $\mathbb{F}_{1}$-land: an overview of geometries over $\mathbb{F}_{1}$",
  note = {\url{http://arxiv.org/abs/0909.0069}}
}

@misc{LurieDeformationTheory,
  author = "Jacob Lurie",
  title = "Derived algebraic geometry {I}{V}: deformation theory",
  note = {\url{http://arxiv.org/abs/0709.3091}}
}

@misc{LurieHigherToposTheory,
  author = "Jacob Lurie",
  title = "Higher topos theory",
  note = {\url{http://arxiv.org/abs/math/0608040}}
}

@misc{LurieStabInfCats,
  author = "Jacob Lurie",
  title = "Stable infinity categories",
  note = {\url{http://arxiv.org/abs/math/0608228}}
}

@misc{LurieStructuredSpaces,
  author = "Jacob Lurie",
  title = "Derived algebraic geometry {V}: structured spaces",
  note = {\url{http://arxiv.org/abs/0905.0459}}
}

@misc{LurieInf2CatsAndGoodwillieCalc,
  author = "Jacob Lurie",
  title = "$(\infty,2)$-categories and the {G}oodwillie calculus {I}",
  note = {\url{http://arxiv.org/abs/0905.0462}}
}

@misc{LurieClassTopFieldTheories,
  author = "Jacob Lurie",
  title = "On the classification of topological field theories",
  note = {\url{http://arxiv.org/abs/0905.0465}}
}

@misc{LurieSurvEllCohom,
  author = "Jacob Lurie",
  title = "A survey of elliptic cohomology",
  note = {\url{http://www-math.mit.edu/~lurie/papers/survey.pdf}}
}

@misc{MaltsiniotisIntroTheorieDeriv,
  author = "Georges Maltsiniotis",
  title = "Introduction {\`a} la th{\'e}orie des d{\'e}rivateurs",
  note = {\url{http://people.math.jussieu.fr/~maltsin/ps/m.ps}}
}

@misc{MaltsiniotisTheorieHomotopieGrothendieck,
  author = "Georges Maltsiniotis",
  title = "La th{\'e}orie de l'homotopie de {G}rothendieck",
  note = {\url{http://people.math.jussieu.fr/~maltsin/ps/prstnew.pdf}}
}

@misc{nLabGrothendieckConstruction,
  author = "nLab",
  title = "Grothendieck construction",
  note = {\url{http://ncatlab.org/nlab/show/Grothendieck+construction}}
}

@misc{MoravaTowardsFundGrpoidStableHomCat,
  author = "Jack Morava",
  title = "Towards a fundamental groupoid for the stable homotopy category",
  note = {\url{http://arxiv.org/abs/math/0509001}}
}

@misc{MoravaBaseMotives,
  author = "Jack Morava",
  title = "A theory of base motives",
  note = {\url{http://arxiv.org/abs/0908.3124}}
}

@misc{MortonDoubleBicatsDoubleCospan,
  author = "Jeffrey C Morton",
  title = "Double bicategories and double cospans",
  note = {\url{http://arxiv.org/abs/math/0611930}}
}

@misc{OrlovDerivedCatsCohSheavesMotives,
  author = "Dmitri Orlov",
  title = "Derived categories of coherent sheaves and motives",
  note = {\url{http://arxiv.org/abs/math/0512620}}
}

@misc{OstvaerRondigsModulesOverMotivicCohom,
  author = "Paul Arne {\O}stv{\ae}r and Oliver R{\"o}ndigs",
  title = "Modules over motivic cohomology",
  note = {\url{http://www.math.uni-bielefeld.de/~oroendig/MZfinal.pdf}} 
}

@misc{PaoliInternalCatStructuresHomotopicalAlgebra,
  author = "Simona Paoli",
  title = "Internal category structures in homotopical algebra",
  note = {\url{http://math.aa.psu.edu/~simona/Paoli_IMA.pdf}}
}

@misc{PoleselloWaschkiesHigherMonod,
  author = "Pietro Polesello and Ingo Waschkies",
  title = "Higher monodromy",
  note = {\url{http://arxiv.org/abs/math/0407507}}
}

@misc{QuickStableEtaleRealizationEtaleCob,
  author = "Gereon Quick",
  title = "Stable {\'e}tale realization and {\'e}tale cobordism",
  note = {\url{http://www.math.uiuc.edu/K-theory/0796/etalecob.pdf}}
}

@misc{RezkCartesianPresentWeakNCats,
  author = "Charles Rezk",
  title = "A cartesian presentation of weak $n$-categories",
  note = {\url{http://arxiv.org/abs/0901.3602}}
}

@misc{RognesGaloisExtStructuredRingSpectra,
  author = "John Rognes",
  title = "Galois extensions of structured ring spectra",
  note= {\url{http://arxiv.org/abs/math/0502183}}
}

@misc{RouquierCategorificationSl2BraidGroups,
  author = "Rapha{\"e}l Rouquier",
  title = "Categorification of $\mathfrak{sl}_{2}$ and braid groups",
  note = {\url{http://www.maths.ox.ac.uk/~rouquier/papers/mexico.pdf}}
}

@misc{SalchTopLangPlanDoc,
  author = "Andrew Salch",
  title = "Planning document for a seminar on topological {L}anglands",
  note = {\url{http://www.math.jhu.edu/~asalch/toplang/topics.pdf}}
}

@misc{SchreiberPathInfGrpoid,
  author = "Urs Schreiber",
  title = "Path $\infty$-groupoid",
  note = {Follow the link to the path $\infty$-groupoid page on \url{http://ncatlab.org/schreiber/published/Differential+Nonabelian+Cohomology}}
}

@misc{SimpsonAlgAspectsHigherNonAbHodgeTh,
  author = "Carlos Simpson",
  title = "Algebraic aspects of higher nonabelian {H}odge theory",
  note = {\url{http://arxiv.org/abs/math/9902067}}
}

@misc{ThomasonCatClosedModelCat,
  author = "Robert W Thomason",
  title = "Cat as a closed model category",
  note = {\url{http://www.numdam.org/numdam-bin/fitem?id=CTGDC_1980__21_3_305_0}}
}

@article{ToenVersUneInterGalHom,
  author = "Bertrand To{\"e}n",
  title = "Vers Une Interpr\'{e}tation {G}aloisienne de la Th\'{e}orie de l'Homotopie",
  journal = "Cah. Topologie G\'{e}om. Diff\'{e}r. Cat\'{e}goriques",
  volume = 43,
  number = 4,
  year = 2002,
  pages = {257-312},
  note = {\url{http://www.math.univ-toulouse.fr/~toen/gal.pdf}}
}

@misc{ToenVersUneInterGalHom2,
  author = "Bertrand To{\"e}n",
  title = "Vers Une Interpr\'{e}tation {G}aloisienne de la Th\'{e}orie de l'Homotopie",
  note = {\url{http://arxiv.org/abs/math/0007157}}
}

@misc{ToenDualiteTannakaSup,
  author = "Bertrand To{\"e}n",
  title = "Dualit{\'e} de {T}annaka sup{\'e}rieure",
  note = {\url{http://www.math.univ-toulouse.fr/~toen/tan.pdf}}
}

@misc{ToenHigherDerivedStacksGlobalOverview,
  author = "Bertrand To{\"e}n",
  title = "Higher and derived stacks: a global overview",
  note = {\url{http://arxiv.org/abs/math/0604504}}
}

@misc{ToenHomotopicalHigherCategoricalStructuresAlgGeom,
  author = "Bertrand To{\"e}n",
  title = "Homotopical and higher categorical structures in algebraic geometry",
  note = {\url{http://www.math.univ-toulouse.fr/~toen/hab.pdf}}
}

@misc{ToenHomotopyTypesAlgVarieties,
  author = "Bertrand To{\"e}n",
  title = "Homotopy types of algebraic varieties",
  note ={\url{http://www.math.univ-toulouse.fr/~toen/AIM.pdf}}
}

@misc{ToenVersUneAxiomThCatSup,
  author = "Bertrand To{\"e}n",
  title = "Vers une axiomatisation de la th{\'e}orie des cat{\'e}ories sup{\'e}rieures",
  note = {\url{http://arxiv.org/abs/math/0409598}}
}

@misc{ToenVaquieAuDessSpecZ,
  author = "Bertrand To{\"e}n and Michel Vaqui{\'e}",
  title = "Au-dessous de {S}pec $\mathbb{Z}$",
  note = {\url{http://arxiv.org/abs/math/0509684}}
}

@misc{ToenVezzosiHAGII,
  author = "Bertrand To{\"e}n and Gabriele Vezzosi",
  title = "Homotopical algebraic geometry {II}: geometric stacks and applications",
  note = {\url{http://arxiv.org/abs/math/0404373}}
}

@misc{ToenVezzosiChernCharacterLoopSpacesDerivedAlgGeom,
  author = "Bertrand To{\"e}n and Gabriele Vezzosi",
  title = "A note on {C}hern character, loop spaces and derived algebraic geometry",
  note = {\url{http://arxiv.org/abs/0804.1274}}
}

@misc{ToenVezzosiBraveNewAlgGeomGlobDerModSpacRingSpectra,
  author = "Bertrand To{\"e}n and Gabriele Vezzosi",
  title = "{``}{B}rave new{''} algebraic geometry and global derived moduli spaces of ring spectra",
  note = {\url{http://arxiv.org/abs/math/0309145}}
}

@misc{ToenVezzosiSegalStacksSegalTopoi,
  author = "Bertrand To{\"e}n and Gabriele Vezzosi",
  title = "Segal topoi and {S}egal stacks over them",
  note = {\url{http://www.math.univ-toulouse.fr/~toen/msri.pdf}}
}

@misc{VoevodskyA1HomotopyTheoryTalk,
  author = "Vladimir Voevodsky",
  title = "$\mathbb{A}^{1}$-homotopy theory",
  note = {\url{http://www.math.uni-bielefeld.de/~oroendig/teaching/2004/schemata/Voevodsky.pdf}}
}

@misc{ZhengCategorificationIntegrableRepresentationsQuantumGroups,
  author = "Hao Zheng",
  title = "Categorification of integrable representations of quantum groups",
  note = {\url{http://arxiv.org/abs/0803.3668}}
}

@misc{ZhengGeometricCategorificationTensorProducts,
  author = "Hao Zheng",
  title = "A geometric categorification of tensor products of ${U}_{q}(\mathfrak{sl}_{2})$-modules",
  note = {\url{http://arxiv.org/abs/0705.2630}}
}